@online{bankmycellwebsite,
    author = "Ash Turner",
    title = "Why Millenials Hate Talking On The Phone",
    url  = "https://www.bankmycell.com/blog/why-millennials-ignore-calls",
    addendum = "(accessed: 05.01.2020)",
    keywords = "latex,knuth"
}

@article{einstein,
    author = "Carsten Hirschberg et al.",
    title = {The Changing Market for Food Delivery},
    journal = "Annalen der Physik",
    volume = "322",
    number = "10",
    pages = "891--921",
    year = "1905",
    DOI = "http://dx.doi.org/10.1002/andp.19053221004",
    keywords = "physics"
}

@misc{wikiconveniencesampling,
    title = "Convenience sampling",
    author = "Wikipedia",
    url = "https://en.wikipedia.org/wiki/Convenience_sampling",
    addendum = "(accessed: 05.04.2020)",
    publisher= "Wikimedia Foundation"
}

@misc{ttest,
    title = "Paired Sample T-Test",
    author = "StatisticsSolutions",
    url = "https://www.statisticssolutions.com/manova-analysis-paired-sample-t-test/",
    addendum = "(accessed: 05.06.2020)"
}

@online{ddelight,
    title = "Check out the Delight score of your favorite restaurants on DoorDash",
    author = "Lulu Chang",
    url = "https://www.digitaltrends.com/web/doordash-delight-score/",
    addendum = "(accessed: 05.01.2020)"}
    
@online{statista,
    title = "Most used online restaurant delivery services in the U.S. 2018",
    author = "S. Lock",
    url = "https://www.statista.com/statistics/795275/leading-restaurant-delivery-services-in-the-us/",
    addendum = "(accessed: 05.01.2020)"}